@article{cancerCervical,
    author = {Sarah Feldman, Annekathryn Goodman, Jeffrey F Peipert},
    title = {Screening for cervical cancer in resource-rich settings},
    publisher = {UpToDate},
    year = {2024},
    url = {https://sso.uptodate.com/contents/screening-for-cervical-cancer-in-resource-rich-settings?search=Screening%20for%20cervical%20cancer%20in%20resource-rich%20settings&source=search_result&selectedTitle=1%7E150&usage_type=default&display_rank=1}
}

@misc{papanicolauStain,
    author = "{Wikipedia contributors}",
    title = "Papanicolaou stain --- {Wikipedia}{,} The Free Encyclopedia",
    year = "2023",
    url = "\url{https://en.wikipedia.org/w/index.php?title=Papanicolaou_stain&oldid=1185402275}",
    note = "[Online; accessed 16-June-2024]"
  }

 @misc{coloracaoPapanicolau,
   author = "Wikipédia",
   title = "Coloração de Papanicolau --- Wikipédia{,} a enciclopédia livre",
   year = "2022",
   url = "\url{https://pt.wikipedia.org/w/index.php?title=Colora%C3%A7%C3%A3o_de_Papanicolau&oldid=63544808}",
   note = "[Online; accessed 8-maio-2022]"
 }

@misc{resnet,
    author = {Alexei Manso Correa Machado},
    title = {Processamento	e	Análise	de	Imagens: Deep	Neural	Network Architectures},
    note = {Apresentação PDF distribuída em sala de aula},
    year = {2024},
    url = {https://pucminas.instructure.com/files/10532985/download?download_frd=1}
}

@misc{svm,
    author = {Alexei Manso Correa Machado},
    title = {Processamento	e	Análise	de	Imagens: Support Vector Machines},
    note = {Apresentação PDF distribuída em sala de aula},
    year = {2024},
    url = {https://pucminas.instructure.com/files/10532981/download?download_frd=1}
}